
@misc{1810.08297,
Author = {Jarrett Revels and Tim Besard and Valentin Churavy and Bjorn De Sutter and Juan Pablo Vielma},
Title = {Dynamic Automatic Differentiation of {GPU} Broadcast Kernels},
Year = {2018},
Eprint = {arXiv:1810.08297},
}

@article{JMLR:v18:17-468,
  author  = {Atilim Gunes Baydin and Barak A. Pearlmutter and Alexey Andreyevich Radul and Jeffrey Mark Siskind},
  title   = {Automatic Differentiation in Machine Learning: a Survey},
  journal = {Journal of Machine Learning Research},
  year    = {2018},
  volume  = {18},
  number  = {153},
  pages   = {1-43},
  url     = {http://jmlr.org/papers/v18/17-468.html}
}

@article{khan2015vector,
  title={A vector forward mode of automatic differentiation for generalized derivative evaluation},
  author={Khan, Kamil A and Barton, Paul I},
  journal={Optimization Methods and Software},
  volume={30},
  number={6},
  pages={1185--1212},
  year={2015},
  publisher={Taylor \& Francis}
}

@article{bezanson2017julia,
  title={Julia: A fresh approach to numerical computing},
  author={Bezanson, Jeff and Edelman, Alan and Karpinski, Stefan and Shah, Viral B},
  journal={SIAM review},
  volume={59},
  number={1},
  pages={65--98},
  year={2017},
  publisher={SIAM}
}

@article{revels2016forward,
  title={Forward-mode automatic differentiation in {J}ulia},
  author={Revels, Jarrett and Lubin, Miles and Papamarkou, Theodore},
  journal={arXiv preprint arXiv:1607.07892},
  year={2016}
}


@book{strang2019linear,
  title={Linear algebra and learning from data},
  author={Strang, Gilbert},
  year={2019},
  publisher={Wellesley-Cambridge Press}
}

@article{Higham2018DeepLA,
  title={Deep Learning: An Introduction for Applied Mathematicians},
  author={Catherine F. Higham and Desmond J. Higham},
  journal={CoRR},
  year={2018},
  volume={abs/1801.05894}
}

@inproceedings{zhang2018stabilizing,
  title={Stabilizing Gradients for Deep Neural Networks via Efficient SVD Parameterization},
  author={Zhang, Jiong and Lei, Qi and Dhillon, Inderjit},
  booktitle={International Conference on Machine Learning},
  pages={5801--5809},
  year={2018}
}


@article{cormen200915,
  title={15.2: Matrix-chain multiplication},
  author={Cormen, Thomas H and Leiserson, Charles E and Rivest, Ronald L and Stein, Clifford},
  journal={Introduction to Algorithms},
  pages={331--338},
  year={2009}
}


@misc{bradley2010pde,
  title={{PDE}-Constrained Optimization and the Adjoint method},
  author={Bradley, Andrew M},
  year={2010},
  publisher={Tutorial},
  url  = {https://cs.stanford.edu/~ambrad/adjoint_tutorial.pdf}
}


@misc{johnson2007notes,
  title={Notes on Adjoint Methods for 18.335},
  author={Johnson, Steven G},
  url={https://math.mit.edu/~stevenj/18.336/adjoint.pdf},
  year={2006}
}


@misc{Wik:DifProg,
author = {Innes, Mike and Edelman, Alan and Fischer, Keno and Rackauckus, Chris and Saba, Elliot and Shah, Viral and Tebbutt, Will},
year = {2019},
title = {$\partial{P}$: A Differentiable Programming System to Bridge Machine Learning and Scientific Computing},
url       ={http://arxiv.org/abs/1907.07587}
}

@article{li2018differentiable,
  title={Differentiable programming for image processing and deep learning in Halide},
  author={Li, Tzu-Mao and Gharbi, Micha{\"e}l and Adams, Andrew and Durand, Fr{\'e}do and Ragan-Kelley, Jonathan},
  journal={ACM Transactions on Graphics (TOG)},
  volume={37},
  number={4},
  pages={1--13},
  year={2018},
  publisher={ACM New York, NY, USA}
}

